@book{Larson2021,
address = {New York},
author = {Larson, Erik W. and Gray, Clifford F.},
edition = {8e},
isbn = {978-1-260-57043-4},
pages = {682},
publisher = {McGraw-Hill International},
title = {{Project Management. The Managerial Process}},
year = {2021}
}
